@manual{eatonconventionalfirepanel,
	title={{Eaton Conventional Fire Panel EFCV8ZONE User Manual}},
	organization={Eaton},
	note={\url{https://uk.eaton.com/content/dam/uk/products/life-safety-and-security/fire-and-voice-alarm-systems/Two-wire-and-conventional/Two-wire-and-conventional-control-panels/EFCV8-8zonecontrolpanel/manuals/User_Manual-English-(PR215-216-516-03).pdf}}
}
