
@article{dean2011characterization,
title           = {{A characterization of the performance of a MEMS gyroscope in acoustically harsh environments}},
author          = {Dean, Robert Neal and Castro, Simon Thomas and Flowers, George T and Roth, Grant and Ahmed, Anwar and Hodel, Alan Scottedward and Grantham, Brian Eugene and Bittle, David Allen and Brunsch, James P},
journal         = {IEEE Transactions on Industrial Electronics},
volume          = {58},
year            = {2011},
publisher       = {IEEE}
}



%% LaTeX2e file `main.bib'
%% generated by the `filecontents' environment
%% from source `main' on 2019/04/25.
%%
%--------------------------------------------------------------------------

%실시간 트래이딩의 잠정적 손실액 계산 

%https://www.theblockcrypto.com/tiny/

@misc {Symbolic_execution,
  author        = "James C. King",
  title         = "Symbolic execution and program testing",
  note = {\url{https://yurichev.com/mirrors/king76symbolicexecution.pdf}},
  year          = {1997},
} 


@misc {taintAnalysis,
  author        = "J Newsome, DX Song",
  title         = "Dynamic Taint Analysis for Automatic Detection, Analysis, and SignatureGeneration of Exploits on Commodity Software",
  note = {\url{http://citeseerx.ist.psu.edu/viewdoc/download?doi=10.1.1.307.8389&rep=rep1&type=pdf/}},
  year          = {2005},
  publisher={article},
} 


@misc {wasmdec,
  title         = "Web assembly decompiler open-source ",
  author        = "",
  note = {\url{https://github.com/wwwg/wasmdec/}},
  year={2018},
} 

@misc{blockproblem,
    title={The Bitcoin Cash Hardfork – Three Interrelated Incidents},
    author={BITMEX research},
    year={2019},
    publisher={article},
    note = {\url{https://blog.bitmex.com/the-bitcoin-cash-hardfork-three-interrelated-incidents/}},
}

@inproceedings{heilman2015eclipse,
    title={Eclipse attacks on bitcoin’s peer-to-peer network},
    author={Heilman, Ethan and Kendler, Alison and Zohar, Aviv and Goldberg, Sharon},
    booktitle={24th {USENIX} Security Symposium ({USENIX} Security 15)},
    pages={129--144},
    year={2015}
}

@inproceedings{zhang2017publish,
    title={Publish or perish: A backward-compatible defense against selfish mining in bitcoin},
    author={Zhang, Ren and Preneel, Bart},
    booktitle={Cryptographers’ Track at the RSA Conference},
    pages={277--292},
    year={2017},
    organization={Springer}
}

@inproceedings{luu2016secure,
    title={A secure sharding protocol for open blockchains},
    author={Luu, Loi and Narayanan, Viswesh and Zheng, Chaodong and Baweja, Kunal and Gilbert, Seth and Saxena, Prateek},
    booktitle={Proceedings of the 2016 ACM SIGSAC Conference on Computer and Communications Security},
    pages={17--30},
    year={2016},
    organization={ACM}
}

@inproceedings{ongaro2014search,
    title={In search of an understandable consensus algorithm},
    author={Ongaro, Diego and Ousterhout, John},
    booktitle={2014 {USENIX} Annual Technical Conference ({USENIX ATC} 14)},
    pages={305--319},
    year={2014}
}

@inproceedings{eyal2015miner,
    title={The {M}iner's {D}ilemma},
    author={Eyal, Ittay},
    booktitle={2015 IEEE Symposium on Security and Privacy (SP 2015)},
    year={2015},
    organization={IEEE}
}

@inproceedings{kwon2017selfish,
    title={{Be Selfish and Avoid Dilemmas: Fork After Withholding (FAW) Attacks on Bitcoin}},
    author={Kwon, Yujin and Kim, Dohyun and Son, Yunmok and Vasserman, Eugene and Kim, Yongdae},
    booktitle={Proceedings of the 2017 ACM SIGSAC Conference on Computer and Communications Security},
    year={2017},
    organization={ACM}
}

@article{eyal2018majority,
    title         = {Majority is not enough: Bitcoin mining is vulnerable},
    author        = {Eyal, Ittay and Sirer, Emin G{\"u}n},
    journal       = {Communications of the ACM},
    volume        = {61},
    number        = {7},
    pages         = {95--102},
    year          = {2018},
    publisher     = {ACM}
}

@inproceedings{karame2012double,
    title         = {Double-spending fast payments in bitcoin},
    author        = {Karame, Ghassan O and Androulaki, Elli and Capkun, Srdjan},
    booktitle     = {Proceedings of the 2012 ACM conference on Computer and communications security},
    pages         = {906--917},
    year          = {2012},
    organization  = {ACM}
}

@article{rosenfeld2011analysis,
    title       = {Analysis of bitcoin pooled mining reward systems},
    author      = {Rosenfeld, Meni},
    journal     = {arXiv preprint arXiv:1112.4980},
    year        = {2011}
}

@article{recabarren2017hardening,
    title         = {Hardening stratum, the bitcoin pool mining protocol},
    author        = {Recabarren, Ruben and Carbunar, Bogdan},
    journal       = {Proceedings on Privacy Enhancing Technologies},
    volume        = {2017},
    number        = {3},
    pages         = {57--74},
    year          = {2017},
    publisher     = {De Gruyter Open}
}

    % 코인 백서

@article{ripple,
    title={The ripple protocol consensus algorithm},
    author={Schwartz, David and Youngs, Noah and Britto, Arthur and others},
    journal={Ripple Labs Inc White Paper},
    volume={5},
    year={2014}
}

@article{xueos,
    title={EOS: An Architectural, Performance, and Economic Analysis},
    author={Xu, Brent and Luthra, Dhruv and Cole, Zak and Blakely, Nate},
    journal={Hacker Noon},
    year=2018
}

@article{buterin2013ethereum,
    title={Ethereum white paper},
    author={Buterin, Vitalik and others},
    journal={GitHub repository},
    pages={22--23},
    year={2013}
}

@misc{eosContractSecurity,
    author        = {Kai Jing},
    title         = {{EOS} Smart Contract Development Security Best Practices},
    year          = 2018,
    howpublished = "\url{https://github.com/slowmist/eos-smart-contract-security-best-practices/blob/master/README_EN.md}",
}
    note = "[Online; accessed 30-May-2019]"

@misc{EOSARBITCODE,
    author  = {Yuki Chen of Qihoo 360},
    year    = {2018},
    title   = {EOS arbitarary code execution},
    howpublished = "\url{http://blogs.360.cn/post/eos-node-remote-code-execution-vulnerability.html}",
}
    note = "[Online; accessed 30-May-2019]"

@article{larimer2014delegated,
    title={Delegated proof-of-stake (dpos)},
    author={Larimer, Daniel},
    journal={Bitshare whitepaper},
    year={2014}
}

@misc{eosNodeDoS,
    author        = {PeckShield},
    title         = {EOS “Transaction Congestion Attack”: Attackers Could Paralyze EOS Network with Minimal Cost},
    year          = 2019,
    howpublished = "\url{https://medium.com/@peckshield/eos-transaction-congestion-attack-attackers-could-paralyze-eos-network-with-minimal-cost-9adfb4d16c82}",
}
    note = "[Online; accessed 30-May-2019]"

@misc{eosFakeCoin,
    author        = {Adrian Barkley},
    title         = {1 Billion Fake EOS Tokens Used To Steal \$58k From Decentralised Exchange},
    year          = 2018,
    howpublished = "\url{https://cryptodaily.co.uk/2018/09/1-billion-fake-eos-tokens-used-to-steal-58k-from-decentralised-exchange}",
}
    note = "[Online; accessed 30-May-2019]"

@misc{requireRecipient,
    author        = {Quoc Le},
    title         = {How hackers attack EOS contracts and ways to prevent it},
    year          = 2018,
    howpublished = "\url{https://medium.com/leclevietnam/hacking-in-eos-contracts-and-how-to-prevent-it-b8663c8bffa6}",
}
    note = "[Online; accessed 30-May-2019]"

@misc{eos:charging,
    author        = {arhag},
    title         = {consensus upgrade to only bill CPU and network bandwidth to first authorizer of a transaction},
    year          = 2019,
    howpublished = "\url{https://github.com/EOSIO/eos/issues/6332}",
}
    note = "[Online; accessed 30-May-2019]"

@misc{EOSEOSIOCODE,
    author        = {arhag},
    title         = {eosio.code permission argument},
    year          = 2018,
    howpublished = "\url{https://github.com/EOSIO/eos/issues/3050}",
}
    note = "[Online; accessed 30-May-2019]"

    % 참고 사이트 (..)
@misc{coincap,
    key     = "{Coin Market Cap}",
    year    = {2019},
    title   = {Top 100 Cryptocurrencies by Market Capitalization},
    howpublished = {\url{https://coinmarketcap.com/}},
}
    note = "[Online; accessed 30-May-2019]"

@misc{resourcemaxusage,
    key       = "{Set Account Permission}",
    year      = {2019},
    title     = {Set account permission},
    howpublished = "\url{https://developers.eos.io/eosio-cleos/reference#cleos-set-account}",
}
    note = "[Online; accessed 30-May-2019]"

@book{howard2006security,
    title={The security development lifecycle},
    author={Howard, Michael and Lipner, Steve},
    volume={8},
    year={2006},
    publisher={Microsoft Press Redmond}
}

@misc{dappradar,
    key       = "{DappRadar}",
    year      = {2019},
    title     = {{EOS D}apps {R}ankings},
    howpublished = "\url{https://dappradar.com/rankings/protocol/eos}",
}
    note = "[Online; accessed 30-May-2019]"

@misc{bastien2015webassembly,
    author    = {Jf Bastien and Dan Gohman},
    year      = {2015},
    title     = {{W}eb{A}ssembly: {H}ere {B}e {D}ragons},
    howpublished = {\url{https://llvm.org/devmtg/2015-10/slides/BastienGohman-WebAssembly-HereBeDragons.pdf}},
}
    note = "[Online; accessed 30-May-2019]"

@book{mcclure2009hacking,
    title={Hacking exposed: network security secrets and solutions},
    author={McClure, Stuart and Scambray, Joel and Kurtz, George and Kurtz},
    year={2009},
    publisher={McGraw-Hill}
}

@inproceedings{krupp2018teether,
    title         = {teether: {G}nawing at ethereum to automatically exploit smart contracts},
    author        = {Krupp, Johannes and Rossow, Christian},
    booktitle     = {27th {USENIX} Security Symposium ({USENIX} Security 18)},
    pages         = {1317--1333},
    year          = {2018}
}

@inproceedings{luu2016making,
    title         = {Making smart contracts smarter},
    author        = {Luu, Loi and Chu, Duc-Hiep and Olickel, Hrishi and Saxena, Prateek and Hobor, Aquinas},
    booktitle     = {Proceedings of the 2016 ACM SIGSAC conference on computer and communications security},
    pages         = {254--269},
    year          = {2016},
    organization  = {ACM}
}

@misc {mythril,
    author = {ConsenSys Team},
    year  = {2018},
    title = {Mythril: Security analysis tool for Ethereum smart contracts},
    howpublished = "\url{https://github.com/ConsenSys/mythril}"
}
    note = "[Online; accessed 30-May-2019]",

@misc {Manticore,
    title         = {Manticore},
    year          = 2017,
    author        = {Trailofbits},
    howpublished = "\url{https://github.com/trailofbits/manticore}"
}
    note = "[Online; accessed 30-May-2019]",

@inproceedings{kalra2018zeus,
    title       = {Zeus: Analyzing safety of smart contracts},
    author      = {Kalra, Sukrit and Goel, Seep and Dhawan, Mohan and Sharma, Subodh},
    booktitle   = {25th Annual Network and Distributed System Security Symposium, NDSS},
    pages       = {18--21},
    year        = {2018}
}

@inproceedings{son2019ndss,
    title       = {Cybercriminal Minds: An investigative study of
cryptocurrency abuses in the Dark Web},
    author      = {Lee, Seunghyeon and Yoon, Changhoon and Kang, Heedo and Kim, Yeonkeun and Kim, Yongdae and Han, Dongsu and Son, Sooel and Shin, Seungwon},
    booktitle   = {26th Annual Network and Distributed System Security Symposium, NDSS},
    year        = {2019}
}

@article{etherray,
    title         = {Porosity: A decompiler for blockchain-based smart contracts bytecode},
    author        = {Suiche, Matt},
    journal       = {DEF CON},
    volume        = {25},
    pages         = {11},
    year          = {2017}
}

@misc{eospark,
    key = "{EOS Park}",
    title = {{EOS} {P}ark - {EOS} data service provider},
    howpublished = "\url{https://eospark.com/}",
}
    note = "[Online; accessed 30-May-2019]"

@inproceedings{decker2014bitcoin,
    title={Bitcoin transaction malleability and MtGox},
    author={Decker, Christian and Wattenhofer, Roger},
    booktitle={European Symposium on Research in Computer Security},
    pages={313--326},
    year={2014},
    organization={Springer}
}

@inproceedings{apostolaki2017hijacking,
    title={Hijacking bitcoin: Routing attacks on cryptocurrencies},
    author={Apostolaki, Maria and Zohar, Aviv and Vanbever, Laurent},
    booktitle={2017 IEEE Symposium on Security and Privacy (SP 2017)},
    pages={375--392},
    year={2017},
    organization={IEEE}
}

@inproceedings{andrychowicz2015malleability,
    title={On the malleability of bitcoin transactions},
    author={Andrychowicz, Marcin and Dziembowski, Stefan and Malinowski, Daniel and Mazurek, {\L}ukasz},
    booktitle={International Conference on Financial Cryptography and Data Security},
    pages={1--18},
    year={2015},
    organization={Springer}
}

@article{hinteregger2018empirical,
    title={An Empirical Analysis of Monero Cross-Chain Traceability},
    author={Hinteregger, Abraham and Haslhofer, Bernhard},
    journal={arXiv preprint arXiv:1812.02808},
    year={2018}
}

@article{moser2018empirical,
    title={An empirical analysis of traceability in the monero blockchain},
    author={M{\"o}ser, Malte and Soska, Kyle and Heilman, Ethan and Lee, Kevin and Heffan, Henry and Srivastava, Shashvat and Hogan, Kyle and Hennessey, Jason and Miller, Andrew and Narayanan, Arvind and others},
    journal={Proceedings on Privacy Enhancing Technologies},
    volume={2018},
    number={3},
    pages={143--163},
    year={2018},
    publisher={De Gruyter Open}
}

@inproceedings{zhang2019lay,
    title={Lay down the common metrics: Evaluating proof-of-work consensus protocols’ security},
    author={Zhang, Ren and Preneel, Bart},
    booktitle={2019 IEEE Symposium on Security and Privacy (SP 2019)},
    year={2019}
}

@article{kim2019is,
    title={{Is Stellar As Secure As You Think?}},
    author={Kim, Minjeong and Kwon, Yujin and Kim, Yongdae},
    journal={IEEE Security and Privacy on the Blockchain (IEEE S\&B 2019)},
    year={2019}
}

@inproceedings{moreno2018mind,
    title={Mind your credit: Assessing the health of the ripple credit network},
    author={Moreno-Sanchez, Pedro and Modi, Navin and Songhela, Raghuvir and Kate, Aniket and Fahmy, Sonia},
    booktitle={Proceedings of the 2018 World Wide Web Conference},
    pages={329--338},
    year={2018},
    organization={International World Wide Web Conferences Steering Committee}
}

@article{kwon2019impossibility,
    title={Impossibility of Full Decentralization in Permissionless Blockchains},
    author={Kwon, Yujin and Liu, Jian and Kim, Minjeong and Song, Dawn and Kim, Yongdae},
    journal={arXiv preprint arXiv:1905.05158},
    year={2019}
}


@misc{rippleattack,
  title={Vulnerabilities In Bitcoin, Ripple, And Ethereum Digital Signatures Discovered By Researchers},
  author={Ufuoma Ogono},
  year={2019},
  howpublished = "\url{https://smartereum.com/46548/cryptocurrency-digital-signatures-vulnerabilities-in-bitcoin-ripple-and-ethereum-digital-signatures-discovered-by-researchers-cryptocurrency-news-today/}"
}
  note = "[Online; accessed 30-May-2019]",

@misc{nakamoto2008bitcoin,
    title={Bitcoin: A peer-to-peer electronic cash system},
    author={Nakamoto, Satoshi},
    year={2008}
}

@article{wood2014ethereum,
    title={{Ethereum: A Secure Decentralized Generalized Transaction Ledger}},
    author={Wood, Gavin},
    journal={Ethereum Project Yellow Paper},
    volume={151},
    year={2014}
}

@misc{bch,
    key = "{BitcoinCash}",
    title = "{Bitcoin Cash}",
    year="2018",
    howpublished = "\url{https://www.bitcoincash.org/}"
}

@misc{litecoin,
    key = "{Litecoin}",
    title = "{Litecoin}",
    year="2018",
    howpublished = "\url{https://litecoin.org/}"
}

@misc{monero,
    key = "{Monero}",
    title = "{Monero}",
    year="2018",
    howpublished = "\url{https://monero.org/}"
}

@article{etc,
    title={{Ethereum Classic Documentation}},
    author={Ethereum classic community},
    journal={Self-published},
    year={2016}
}

@misc{EOSWHITEPAPER,
    key = "{EOS}",
    title = "{{EOS.IO Technical White Paper}}",
    howpublished = "\url{https://github.com/EOSIO/Documentation/blob/master/TechnicalWhitePaper.md}",
    year="2018",
}
    note = "[Online; accessed 30-May-2019]"
